<record><leader>00000cas a22000007a 4500</leader><controlfield tag="001">13347858</controlfield><controlfield tag="008">860326d18uu189utxuwr ne      0   a0eng  </controlfield><datafield ind1=" " ind2=" " tag="010"><subfield code="a">sn 86071254 </subfield></datafield><datafield ind1=" " ind2=" " tag="040"><subfield code="a">DLC</subfield><subfield code="b">eng</subfield><subfield code="c">DLC</subfield><subfield code="d">PPM</subfield><subfield code="d">DLC</subfield><subfield code="d">OCLCQ</subfield><subfield code="d">DLC</subfield><subfield code="d">OCLCQ</subfield><subfield code="d">OCLCF</subfield></datafield><datafield ind1="1" ind2=" " tag="022"><subfield code="a">1946-6056</subfield><subfield code="l">1946-6056</subfield><subfield code="2">1</subfield></datafield><datafield ind1="1" ind2=" " tag="029"><subfield code="a">AU@</subfield><subfield code="b">000026225943</subfield></datafield><datafield ind1="1" ind2=" " tag="029"><subfield code="a">NZ1</subfield><subfield code="b">16071136</subfield></datafield><datafield ind1=" " ind2=" " tag="042"><subfield code="a">pcc</subfield><subfield code="a">nsdp</subfield></datafield><datafield ind1=" " ind2=" " tag="043"><subfield code="a">n-us-tx</subfield></datafield><datafield ind1="0" ind2="0" tag="050"><subfield code="a">Newspaper</subfield></datafield><datafield ind1="0" ind2=" " tag="130"><subfield code="a">Jefferson jimplecute (Jefferson, Tex.)</subfield></datafield><datafield ind1=" " ind2="0" tag="222"><subfield code="a">Jefferson jimplecute</subfield><subfield code="b">(Jefferson, Tex.)</subfield></datafield><datafield ind1="1" ind2="0" tag="245"><subfield code="a">Jefferson jimplecute.</subfield></datafield><datafield ind1=" " ind2=" " tag="260"><subfield code="a">Jefferson, Tex. :</subfield><subfield code="b">Jefferson Pub. Co.</subfield></datafield><datafield ind1=" " ind2=" " tag="300"><subfield code="a">v. :</subfield><subfield code="b">ill. (chiefly advertisements) ;</subfield><subfield code="c">58 cm.</subfield></datafield><datafield ind1=" " ind2=" " tag="310"><subfield code="a">Weekly</subfield></datafield><datafield ind1=" " ind2=" " tag="515"><subfield code="a">Continues numbering of earlier editions.</subfield></datafield><datafield ind1=" " ind2=" " tag="530"><subfield code="a">Archived issues are available in digital format as part of the Library of Congress Chronicling America online collection.</subfield></datafield><datafield ind1=" " ind2=" " tag="588"><subfield code="a">Description based on: Vol. 22, no. 3 (July 10, 1889).</subfield></datafield><datafield ind1=" " ind2="0" tag="651"><subfield code="a">Jefferson (Tex.)</subfield><subfield code="v">Newspapers.</subfield></datafield><datafield ind1=" " ind2="7" tag="655"><subfield code="a">Newspapers.</subfield><subfield code="2">fast</subfield><subfield code="0">(OCoLC)fst01423814</subfield></datafield><datafield ind1=" " ind2="7" tag="651"><subfield code="a">Texas</subfield><subfield code="z">Jefferson.</subfield><subfield code="2">fast</subfield><subfield code="0">(OCoLC)fst01208831</subfield></datafield><datafield ind1=" " ind2=" " tag="752"><subfield code="a">United States</subfield><subfield code="b">Texas</subfield><subfield code="c">Marion</subfield><subfield code="d">Jefferson.</subfield></datafield><datafield ind1="0" ind2="0" tag="780"><subfield code="t">Weekly jimplecute</subfield><subfield code="w">(DLC)sn 84022020</subfield></datafield><datafield ind1="0" ind2="0" tag="785"><subfield code="t">Jimplecute</subfield><subfield code="x">1946-6048</subfield><subfield code="w">(DLC)sn 86089977</subfield><subfield code="w">(OCoLC)14634023</subfield></datafield><datafield ind1="4" ind2="1" tag="856"><subfield code="u">http://www.loc.gov/chroniclingamerica/lccn/sn86071254/issues</subfield></datafield></record>